@book{do-carmo,
  author = {Manfredo P. do Carmo},
  title = {Differential Geometry of Curves and Surfaces},
  publisher = {Prentice Hall},
  year = {1976},
  edition = {1st},
}

@book{pressley,
  author = {Andrew Pressley},
  title = {Elementary Differential Geometry},
  publisher = {Springer},
  year = {2010},
  edition = {2nd},
}

@article{gauss,
  author = {Carl Friedrich Gauss},
  title = {Disquisitiones generales circa superficies curvas},
  journal = {Commentationes Societatis Regiae Scientiarum Gottingesis Recentiores},
  volume = {6},
  pages = {99--146},
  year = {1828},
}
